@article{samplebib,
   author    = "Clark Kent",
   title     = "Giving inspiration to create a superhero group for serving justice",
   journal   = "SIGHERO",
   volume    = 100,
   year      = 1980
}